@manual{ap308,
title = {Versuchsanleitung zu Versuch Nr. 308 Verdampfungswärme und Dampfdruck-Kurve},
year = 2023,
organization = {Fakultät Physik, TU Dortmund},
}

@online{coherent,
url= {https://www.lernort-mint.de/physik/optik/wellenoptik/kohaerentes-licht-grundlagen-und-bedeutung/},
urldate = {2024-04-20}, 
title= {Kohärentes Licht - Grundlagen und Bedeutung},
author = {Dr. Christian Eisenhut},
date = {2023-12-22},
}